%YAML 1.1
%TAG !u! tag:unity3d.com,2011:
--- !u!1 &132480
GameObject:
  m_ObjectHideFlags: 0
  m_PrefabParentObject: {fileID: 0}
  m_PrefabInternal: {fileID: 100100000}
  serializedVersion: 4
  m_Component:
  - 4: {fileID: 494210}
  - 212: {fileID: 21243598}
  m_Layer: 0
  m_Name: era-beartrap_0
  m_TagString: Untagged
  m_Icon: {fileID: 0}
  m_NavMeshLayer: 0
  m_StaticEditorFlags: 0
  m_IsActive: 1
--- !u!1 &141128
GameObject:
  m_ObjectHideFlags: 0
  m_PrefabParentObject: {fileID: 0}
  m_PrefabInternal: {fileID: 100100000}
  serializedVersion: 4
  m_Component:
  - 4: {fileID: 478952}
  - 114: {fileID: 11463860}
  - 114: {fileID: 11448918}
  m_Layer: 0
  m_Name: BearTrap 6
  m_TagString: Untagged
  m_Icon: {fileID: 0}
  m_NavMeshLayer: 0
  m_StaticEditorFlags: 0
  m_IsActive: 1
--- !u!4 &478952
Transform:
  m_ObjectHideFlags: 1
  m_PrefabParentObject: {fileID: 0}
  m_PrefabInternal: {fileID: 100100000}
  m_GameObject: {fileID: 141128}
  m_LocalRotation: {x: 0, y: 0, z: 0, w: 1}
  m_LocalPosition: {x: 0, y: 0, z: 0}
  m_LocalScale: {x: 1, y: 1, z: 1}
  m_Children:
  - {fileID: 494210}
  m_Father: {fileID: 0}
  m_RootOrder: 0
--- !u!4 &494210
Transform:
  m_ObjectHideFlags: 1
  m_PrefabParentObject: {fileID: 0}
  m_PrefabInternal: {fileID: 100100000}
  m_GameObject: {fileID: 132480}
  m_LocalRotation: {x: .426600128, y: .339444369, z: -.176703572, w: .819491088}
  m_LocalPosition: {x: .119999997, y: .119999997, z: .119999997}
  m_LocalScale: {x: 3, y: 3, z: 1}
  m_Children: []
  m_Father: {fileID: 478952}
  m_RootOrder: 0
--- !u!114 &11448918
MonoBehaviour:
  m_ObjectHideFlags: 1
  m_PrefabParentObject: {fileID: 0}
  m_PrefabInternal: {fileID: 100100000}
  m_GameObject: {fileID: 141128}
  m_Enabled: 0
  m_EditorHideFlags: 0
  m_Script: {fileID: 11500000, guid: 950f944a7b562e54c954d2b8caea8acc, type: 3}
  m_Name: 
  m_EditorClassIdentifier: 
  TriggerSprite: {fileID: 21300002, guid: a02852d6f453a5544bf591f2b5edda54, type: 3}
  Countdown: 2.79999995
--- !u!114 &11463860
MonoBehaviour:
  m_ObjectHideFlags: 1
  m_PrefabParentObject: {fileID: 0}
  m_PrefabInternal: {fileID: 100100000}
  m_GameObject: {fileID: 141128}
  m_Enabled: 1
  m_EditorHideFlags: 0
  m_Script: {fileID: 11500000, guid: cbb1874c211eb8e44868e19b0bc458be, type: 3}
  m_Name: 
  m_EditorClassIdentifier: 
--- !u!212 &21243598
SpriteRenderer:
  m_ObjectHideFlags: 1
  m_PrefabParentObject: {fileID: 0}
  m_PrefabInternal: {fileID: 100100000}
  m_GameObject: {fileID: 132480}
  m_Enabled: 1
  m_CastShadows: 0
  m_ReceiveShadows: 0
  m_Materials:
  - {fileID: 2100000, guid: 01fb4329bf160444ca184d3d22b479ca, type: 2}
  m_SubsetIndices: 
  m_StaticBatchRoot: {fileID: 0}
  m_UseLightProbes: 1
  m_ReflectionProbeUsage: 1
  m_ProbeAnchor: {fileID: 0}
  m_ScaleInLightmap: 1
  m_PreserveUVs: 0
  m_ImportantGI: 0
  m_AutoUVMaxDistance: .5
  m_AutoUVMaxAngle: 89
  m_LightmapParameters: {fileID: 0}
  m_SortingLayerID: 0
  m_SortingOrder: 0
  m_Sprite: {fileID: 21300000, guid: a02852d6f453a5544bf591f2b5edda54, type: 3}
  m_Color: {r: 1, g: .727941155, b: .868661165, a: 1}
--- !u!1001 &100100000
Prefab:
  m_ObjectHideFlags: 1
  serializedVersion: 2
  m_Modification:
    m_TransformParent: {fileID: 0}
    m_Modifications:
    - target: {fileID: 0}
      propertyPath: triggerSprite
      value: 
      objectReference: {fileID: 21300002, guid: a02852d6f453a5544bf591f2b5edda54,
        type: 3}
    - target: {fileID: 0}
      propertyPath: TriggerSprite
      value: 
      objectReference: {fileID: 21300002, guid: a02852d6f453a5544bf591f2b5edda54,
        type: 3}
    - target: {fileID: 0}
      propertyPath: Countdown
      value: 2.79999995
      objectReference: {fileID: 0}
    - target: {fileID: 0}
      propertyPath: m_LocalPosition.z
      value: 0
      objectReference: {fileID: 0}
    - target: {fileID: 0}
      propertyPath: m_Materials.Array.data[0]
      value: 
      objectReference: {fileID: 2100000, guid: 01fb4329bf160444ca184d3d22b479ca, type: 2}
    m_RemovedComponents: []
  m_ParentPrefab: {fileID: 0}
  m_RootGameObject: {fileID: 141128}
  m_IsPrefabParent: 1
