%YAML 1.1
%TAG !u! tag:unity3d.com,2011:
--- !u!1 &149178
GameObject:
  m_ObjectHideFlags: 0
  m_PrefabParentObject: {fileID: 0}
  m_PrefabInternal: {fileID: 100100000}
  serializedVersion: 4
  m_Component:
  - 4: {fileID: 447980}
  - 65: {fileID: 6509432}
  - 114: {fileID: 11472788}
  m_Layer: 0
  m_Name: Sheep
  m_TagString: Sheep
  m_Icon: {fileID: 0}
  m_NavMeshLayer: 0
  m_StaticEditorFlags: 0
  m_IsActive: 1
--- !u!1 &168018
GameObject:
  m_ObjectHideFlags: 0
  m_PrefabParentObject: {fileID: 0}
  m_PrefabInternal: {fileID: 100100000}
  serializedVersion: 4
  m_Component:
  - 4: {fileID: 496120}
  - 212: {fileID: 21253332}
  - 95: {fileID: 9524752}
  m_Layer: 0
  m_Name: SheepSprite
  m_TagString: Untagged
  m_Icon: {fileID: 0}
  m_NavMeshLayer: 0
  m_StaticEditorFlags: 0
  m_IsActive: 1
--- !u!4 &447980
Transform:
  m_ObjectHideFlags: 1
  m_PrefabParentObject: {fileID: 0}
  m_PrefabInternal: {fileID: 100100000}
  m_GameObject: {fileID: 149178}
  m_LocalRotation: {x: 0, y: 0, z: 0, w: 1}
  m_LocalPosition: {x: 0, y: 0, z: 0}
  m_LocalScale: {x: 1, y: 1, z: 1}
  m_Children:
  - {fileID: 496120}
  m_Father: {fileID: 0}
  m_RootOrder: 0
--- !u!4 &496120
Transform:
  m_ObjectHideFlags: 1
  m_PrefabParentObject: {fileID: 0}
  m_PrefabInternal: {fileID: 100100000}
  m_GameObject: {fileID: 168018}
  m_LocalRotation: {x: .353553414, y: .353553414, z: -.14644663, w: .853553355}
  m_LocalPosition: {x: .25, y: 0, z: .25}
  m_LocalScale: {x: .5, y: .5, z: 1}
  m_Children: []
  m_Father: {fileID: 447980}
  m_RootOrder: 0
--- !u!65 &6509432
BoxCollider:
  m_ObjectHideFlags: 1
  m_PrefabParentObject: {fileID: 0}
  m_PrefabInternal: {fileID: 100100000}
  m_GameObject: {fileID: 149178}
  m_Material: {fileID: 0}
  m_IsTrigger: 0
  m_Enabled: 1
  serializedVersion: 2
  m_Size: {x: 1, y: .100000001, z: 1}
  m_Center: {x: 0, y: 0, z: 0}
--- !u!95 &9524752
Animator:
  serializedVersion: 3
  m_ObjectHideFlags: 1
  m_PrefabParentObject: {fileID: 0}
  m_PrefabInternal: {fileID: 100100000}
  m_GameObject: {fileID: 168018}
  m_Enabled: 1
  m_Avatar: {fileID: 0}
  m_Controller: {fileID: 9100000, guid: 5b525bc695288432ead0c2fc85084de4, type: 2}
  m_CullingMode: 0
  m_UpdateMode: 0
  m_ApplyRootMotion: 0
  m_LinearVelocityBlending: 0
  m_WarningMessage: 
  m_HasTransformHierarchy: 1
  m_AllowConstantClipSamplingOptimization: 1
--- !u!114 &11472788
MonoBehaviour:
  m_ObjectHideFlags: 1
  m_PrefabParentObject: {fileID: 0}
  m_PrefabInternal: {fileID: 100100000}
  m_GameObject: {fileID: 149178}
  m_Enabled: 1
  m_EditorHideFlags: 0
  m_Script: {fileID: 11500000, guid: f0bbb3df9a5d0eb41b8a4fc1b61daada, type: 3}
  m_Name: 
  m_EditorClassIdentifier: 
  moveSpeed: .699999988
  hunger: 100
  waitTime: 3
  DisplayTime: 3
  PsysPrefab: {fileID: 147506, guid: 9529d3ae573147a4197a87b639f55f3b, type: 2}
  SplatPrefab: {fileID: 104976, guid: f8f739dfb72cf7045b4dbbaa21338ec0, type: 2}
  StatDisplayPrefab: {fileID: 173476, guid: 490a33970a464a347bf358558da0cbc7, type: 2}
--- !u!212 &21253332
SpriteRenderer:
  m_ObjectHideFlags: 1
  m_PrefabParentObject: {fileID: 0}
  m_PrefabInternal: {fileID: 100100000}
  m_GameObject: {fileID: 168018}
  m_Enabled: 1
  m_CastShadows: 0
  m_ReceiveShadows: 0
  m_Materials:
  - {fileID: 10754, guid: 0000000000000000e000000000000000, type: 0}
  m_SubsetIndices: 
  m_StaticBatchRoot: {fileID: 0}
  m_UseLightProbes: 1
  m_ReflectionProbeUsage: 1
  m_ProbeAnchor: {fileID: 0}
  m_ScaleInLightmap: 1
  m_PreserveUVs: 0
  m_ImportantGI: 0
  m_AutoUVMaxDistance: .5
  m_AutoUVMaxAngle: 89
  m_LightmapParameters: {fileID: 0}
  m_SortingLayerID: 0
  m_SortingOrder: 1
  m_Sprite: {fileID: 21300000, guid: dcb78fbd5aee5af4086fedb17c6f762b, type: 3}
  m_Color: {r: 1, g: 1, b: 1, a: 1}
--- !u!1001 &100100000
Prefab:
  m_ObjectHideFlags: 1
  serializedVersion: 2
  m_Modification:
    m_TransformParent: {fileID: 0}
    m_Modifications:
    - target: {fileID: 0}
      propertyPath: SplatPrefab
      value: 
      objectReference: {fileID: 104976, guid: f8f739dfb72cf7045b4dbbaa21338ec0, type: 2}
    - target: {fileID: 0}
      propertyPath: waitTime
      value: 3
      objectReference: {fileID: 0}
    - target: {fileID: 0}
      propertyPath: StatDisplayPrefab
      value: 
      objectReference: {fileID: 173476, guid: 490a33970a464a347bf358558da0cbc7, type: 2}
    - target: {fileID: 0}
      propertyPath: m_Controller
      value: 
      objectReference: {fileID: 9100000, guid: 5b525bc695288432ead0c2fc85084de4, type: 2}
    - target: {fileID: 0}
      propertyPath: m_LocalRotation.x
      value: .653281569
      objectReference: {fileID: 0}
    - target: {fileID: 0}
      propertyPath: m_LocalRotation.y
      value: .270598084
      objectReference: {fileID: 0}
    - target: {fileID: 0}
      propertyPath: m_LocalRotation.z
      value: -.270598114
      objectReference: {fileID: 0}
    - target: {fileID: 0}
      propertyPath: m_LocalRotation.w
      value: .65328145
      objectReference: {fileID: 0}
    - target: {fileID: 0}
      propertyPath: m_LocalScale.x
      value: .800000012
      objectReference: {fileID: 0}
    - target: {fileID: 0}
      propertyPath: m_LocalScale.y
      value: .800000012
      objectReference: {fileID: 0}
    - target: {fileID: 0}
      propertyPath: moveSpeed
      value: .699999988
      objectReference: {fileID: 0}
    - target: {fileID: 0}
      propertyPath: m_Materials.Array.data[0]
      value: 
      objectReference: {fileID: 10303, guid: 0000000000000000f000000000000000, type: 0}
    m_RemovedComponents: []
  m_ParentPrefab: {fileID: 0}
  m_RootGameObject: {fileID: 149178}
  m_IsPrefabParent: 1
